%%% ====================================================================
%%%  BibTeX-file{
%%%     filename        = "econ_ref_jp.bib",
%%%     Time-stamp:	<2005-10-21 11:35:08 Shiro Takeda>
%%%     author          = "Shiro Takeda",
%%%     email address   = "zbc08106 at park.zero.ad.jp (Note: 
%%%                        replace `at' in the email address with an atmark.)
%%%     keywords        = "bibtex, bibliography",
%%%     note            = A BibTeX database file including articles and books
%%%                       in economics (mainly, international trade and
%%%                       environmental economics, the author's research
%%%                       field).
%%%			  You can freely use, redistribute, or modify
%%%                       this file.
%%%                       Keyword in each item is automatically created by
%%%                       BibTeX mode in Emacs (so, it's a little bit long).
%%%  }
%%% ====================================================================

%%% alias (abbreviated name)

%%%%%%%%%%%%%%%%%%%%%%%% Journal Names %%%%%%%%%%%%%%%%%%%%%%%%%

@string{AER = "American Economic Review"}
@string{CJE = "Canadian Journal of Economics"}
@string{BPEA = "Brookings Papers on Economic Activity"}
@string{EE = "Ecological Economics"}
@string{EJ = "Economic Journal"}
@string{EL = "Economics Letters"}
@string{EAP = "Economics and Politics"} 
@string{ECM = "Econometrica"}
@string{ENJ = "Energy Journal"}
@string{EP = "Energy Policy"} 
@string{ERE = "Environmental and Resource Economics"}
@string{EER = "European Economic Review"}
@string{ECMI = "Economica"}
@string{HJE = "Hitotsubashi Journal of Economics"}
@string{IER = "International Economic Review"}
@string{IJE = "Indian Journal of Economics"}
@string{ITPF = "International Tax and Public Finance"}
@string{JDE = "Journal of Development Economics"}
@string{JEEM = "Journal of Environmental Economics and Management"}
@string{JEL = "Journal of Economic Literature"}
@string{JER = "Japanese Economic Review"}
@string{JET = "Journal of Economic Theory"}
@string{JEP = "Journal of Economic Perspectives"}
@string{JIE = "Journal of International Economics"}
@string{JJIE = "Journal of the Japanese and International Economies"}
@string{JME = "Journal of Monetary Economics"}
@string{JPE = "Journal of Political Economy"}
@string{JPM = "Journal of Policy Modeling"}
@string{JWE = "Japan and the World Economy"}
@string{JPUE = "Journal of Public Economics"}
@string{KES = "Keio Economic Studies"}
@string{MANCH = "Manchester School of Economic and Social Studies"}
@string{NBER = "{NBER} working paper"}
@string{OEP = "Oxford Economic Papers"}
@string{OREP = "Oxford Review of Economic Policy"}
@string{QJE = "Quarterly Journal of Economics"}
@string{RAND = "Rand Journal of Economics"}
@string{RDE = "Review of Development Economics"}
@string{RES = "Review of Economic Studies"}
@string{REE = "Resource and Energy Economics"}
@string{REAS = "Review of Economics and Statistics"}
@string{RIE = "Review of International Economics"}
@string{SEJ = "Southern Economic Journal"}
@string{SWJE = "Swedish Journal of Economics"}
@string{SCJE = "Scandinavian Journal of Economics"}
@string{WA = "Weltwirtschaftliches Archiv"}
@string{WE = "World Economy"}


%%%%%%%%%%%%%%%%%%%%%% Publisher Names %%%%%%%%%%%%%%%%%%%%%%%%%

@string{pu-AP = "Academic Press"}
@string{pu-BW = "Basil Blackwell"}
@string{pu-CAM = "Cambridge University Press"}
@string{pu-COL = "Columbia University Press"}
@string{pu-HAV = "Harvard University Press"}
@string{pu-MAC = "Macmillan"}
@string{pu-MH = "McGraw-Hill"}
@string{pu-MIT = "MIT Press"}
@string{pu-NH = "North-Holland"}
@string{pu-Norton = "W. W. Norton \& Company"}
@string{pu-OXF = "Oxford University Press"}
@string{pu-PH = "Prentice-Hall"}


%%%%%%%%%%%%%%%%%% Publisher Address %%%%%%%%%%%%%%%%%%%%%%%%%%%%

@string{ad-AP = "New York"}
@string{ad-BW = "Oxford"}
@string{ad-CAM = "New York"}
@string{ad-COL = "New York"}
@string{ad-HAV = "Cambridge, MA"}
@string{ad-MH = "New York"}
@string{ad-MAC = "London"}
@string{ad-MIT = "Cambridge, MA"}
@string{ad-Norton = "New York"}
@string{ad-NH = "Amsterdam"}
@string{ad-OXF = "New York"}
@string{ad-PH = "Englewood Cliffs NJ"}


%%%%%%%%%%%%%%%%%%%%%%  Month  %%%%%%%%%%%%%%%%%%%%%%%%%%%%%%%%

@string{jan = "January"}
@string{feb = "February"}
@string{mar = "March"}
@string{apr = "April"}
@string{may = "May"}
@string{jun = "June"}
@string{jul = "July"}
@string{aug = "August"}
@string{sep = "September"}
@string{oct = "October"}
@string{nov = "November"}
@string{dec = "December"}

%%%%%%%%%%%%%%%%%%%%%% Data Starts %%%%%%%%%%%%%%%%%%%%%%%%%%%%%%%%

@Book{amano97jp:chikyu-ondanka,
  author =	 {天野 明弘},
  title = 	 {地球温暖化の経済学},
  publisher = 	 {日本経済新聞社},
  yomi =         {あまの あきひろ},
  year = 	 1997
}

@Book{barro97jp,
  author =	 {R. J. バロー},
  title = 	 {経済学の正しい使用法 −政府は経済に手を出すな−},
  publisher = 	 {東洋経済新報社},
  year = 	 1997,
  jauthor =      {仁平 和夫},
  yomi =         {ばろー}
}

@Book{fujita99jp:_spatial_econom,
  author =	 {Masahisa Fujita and Paul R. Krugman and Anthony J. Venables},
  title = 	 {The Spatial Economy},
  publisher = 	 pu-MIT,
  address =      ad-MIT,
  year = 	 1999,
  jauthor = 	 {小出博之},
  jtitle = 	 {空間経済学},
  jpublisher = 	 {東洋経済新報社},
  jyear = 	 2000
}

@Book{grossman_helpman98jp:end_growth,
  author =	 {G. M. グロスマン and E. ヘルプマン},
  title = 	 {イノベーションと内生的経済成長},
  publisher = 	 {創文社},
  year = 	 1998,
  yomi =	 {ぐろすまん},
  jauthor =	 {大住 圭介}
}

@Book{hashimoto98:_age_tax,
  author =	 {橋本 恭之},
  title = 	 {税制改革の応用一般均衡分析},
  publisher = 	 {関西大学出版部},
  year = 	 1998,
  yomi =	 {はしもと きょうじ}
}

@InCollection{hashimoto98:_age_tax_cons,
  author =	 {橋本  恭之},
  title = 	 {消費税の複数税率化と一般的均衡分析},
  booktitle = 	 {税制改革の応用一般均衡分析},
  publisher = 	 {関西大学出版部},
  chapter =      {4},
  pages =        {71-95},
  year = 	 1998,
  yomi =	 {はしもと きょうじ}
}

@Book{hayashi98jp:gaikokukawase,
  author =	 {林 康史},
  title = 	 {外国為替のしくみ・読み方},
  publisher = 	 {大和出版},
  yomi =         {はやし やすし},
  year = 	 1998
}

@Book{helpman92jp:trade_imperfect,
  author =	 {E. ヘルプマン and P. R. クルーグマン},
  title = 	 {現代の貿易政策：国際不完全競争の理論},
  publisher = 	 {東洋経済新報社},
  year = 	 1992,
  yomi =	 {へるぷまん},
  jauthor =	 {大山 道広}
}

@Book{hobbs92jp:leviathan,
  author =	 {T. ホッブス},
  title = 	 {リヴァイアサン},
  publisher = 	 {岩波書店},
  year = 	 1992,
  series =	 {全 4 巻，岩波文庫},
  yomi =	 {ほっぶす},
  jauthor =	 {水田 洋}
}

@Book{ichioka91:_age,
  author =	 {市岡 修},
  title = 	 {応用一般均衡分析},
  publisher = 	 {有斐閣},
  year = 	 1991,
  yomi =	 {いちおか おさむ}
}

@Book{ihori01:_fisc,
  author =	 {井堀 利宏 and 土居 丈朗},
  title = 	 {財政読本},
  publisher = 	 {東洋経済新報社},
  year = 	 2001,
  edition =      {6},
  yomi =	 {いほり としひろ}
}

@Book{ihori02:_japa_tax,
  author =	 {井堀 利宏},
  title = 	 {要説：日本の財政・税制},
  publisher = 	 {税務経理協会},
  year = 	 2002,
  yomi =	 {いほり としひろ}
}

@Book{imai71:_micr_1,
  author =	 {今井 賢一 and 宇沢 弘文 and 小宮 隆太郎 and 根岸 隆 and
                  村上 泰亮},
  title = 	 {価格理論 I},
  publisher = 	 {岩波書店},
  year = 	 1971,
  yomi =         {いまい けんいち}
}

@Book{imai72:_micr_2,
  author =	 {今井 賢一 and 宇沢 弘文 and 小宮 隆太郎 and 根岸 隆 and 村上 泰亮},
  title = 	 {価格理論 II},
  publisher = 	 {岩波書店},
  year = 	 1972,
  yomi =         {いまい けんいち}
}

@Book{imai72:_micr_3,
  author =	 {今井 賢一 and 宇沢 弘文 and 小宮 隆太郎 and 根岸 隆 and 村上 泰亮},
  title = 	 {価格理論 III},
  publisher = 	 {岩波書店},
  year = 	 1972,
  yomi =         {いまい けんいち}
}

@Book{inagaki02jp:nihon-no-zeisei,
  editor =	 {稲垣 光隆},
  title = 	 {図説 日本の税制 平成14年度版},
  publisher = 	 {財経詳報社},
  yomi =         {いながき みつたか},
  year = 	 2002
}

@misc{ipcc01jp:third-assess,
  author = 	 {IPCC},
  title = 	 {IPCC 第三次評価報告書 気候変動 2001: 科学的根拠, 政策決
                  定者向け要約},
  year = 	 2001,
  yomi =         {あいぴーしーしー},
  note =	 {気象庁訳\\ (\verb|http://www.data.kishou.go.jp/climate/cpdinfo/ipcc_tar/spm/spm.htm|)}
}

@Book{ishi99jp:kankyo-zei,
  author =	 {石 弘光},
  title = 	 {環境税とは何か},
  publisher = 	 {岩波書店},
  series = 	 {岩波新書},
  yomi = 	 {いし ひろみつ},
  year = 	 1999
}

@InCollection{isikawa02jp:_env_trade,
  author = 	 {石川 城太},
  title = 	 {環境政策と国際貿易},
  booktitle = 	 {国際日本経済論},
  pages =	 {114-129},
  publisher =	 {文眞堂},
  year =	 2002,
  editor =	 {池間 誠 and 大山 道広},
  chapter =	 7,
  yomi =         {いしかわ じょうた}
}

@Book{ito85:_inte_trad,
  author =	 {伊藤 元重 and 大山 道広},
  title = 	 {国際貿易},
  publisher = 	 {岩波書店},
  year = 	 1985,
  series =	 {モダン・エコノミクス 14},
  yomi =	 {いとう もとしげ}
}

@Book{itoh96jp:kokusai,
  author =	 {伊藤 元重},
  title = 	 {ゼミナール国際経済学入門},
  publisher = 	 {日本経済新聞社},
  year = 	 1996,
  yomi =         {いとう もとしげ},
  edition =	 {2}
}

@Article{iwamoto91jp:haito-keika,
  author = 	 {岩本 康志},
  title = 	 {配当軽課制度廃止の経済的効果 --- 89 年法人税改革の分析 ---},
  journal = 	 {経済研究},
  year = 	 1991,
  volume =	 42,
  number =	 2,
  pages =	 {127-138},
  yomi =         {いわもと やすし},
  month =	 {4}
}

@Book{kaneko71:_io_theo,
  author =	 {金子 敬生},
  title = 	 {産業連関の理論と適用},
  publisher = 	 {日本評論社},
  year = 	 1971,
  yomi =	 {かねこ}
}

@Book{kaneko90:_io_econ,
  author =	 {金子 敬生},
  title = 	 {産業連関の経済分析},
  publisher = 	 {勁草書房},
  year = 	 1990,
  yomi =	 {かねこ}
}

@Book{kawasaki99jp:applied_ge,
  author =	 {川崎 研一},
  title = 	 {応用一般均衡モデルの基礎と応用},
  publisher = 	 {日本評論社},
  year = 	 1999,
  yomi =         {かわさき けんいち}
}

@Book{kiyono93:_regu_comp,
  author =	 {清野 一治},
  title = 	 {規制と競争の経済学},
  publisher = 	 {東京大学出版会},
  year = 	 1993,
  yomi =	 {きよの かずはる}
}

@InCollection{kiyota02:_japan_fta,
  author = 	 {清田 耕造},
  title = 	 {日本の FTA による経済効果　九つのシナリオ},
  booktitle = 	 {日本の FTA 戦略},
  editor =	 {浦田 秀次郎 and 日本経済研究センター},
  publisher = 	 {日本経済新聞社},
  year = 	 2002,
  pages =	 {47-74},
  chapter =	 3,
  yomi =         {きよた こうぞう}
}

@Book{kokuzeicho02jp:nenpo,
  editor =	 {国税庁},
  title = 	 {国税庁統計年報書 平成 12 年度版},
  publisher = 	 {大蔵財務協会},
  yomi = 	 {こくぜいちょう},
  year = 	 2002
}

@Book{kokuzeicho97jp:nenpo,
  editor =	 {国税庁},
  title = 	 {国税庁統計年報書 平成 7 年度版},
  publisher = 	 {大蔵財務協会},
  year = 	 1997,
  yomi = 	 {こくぜいちょう}
}

@Book{komiyama99jp:chikyu-jizoku,
  author =	 {小宮山 宏},
  title = 	 {地球持続の技術},
  publisher = 	 {岩波書店},
  series =       {岩波新書 647},
  yomi = 	 {こみやま ひろし},
  year = 	 1999
}

@Misc{kondo02:_waste_io,
  author = 	 {近藤 康之 and 高瀬 浩二 and 中村 愼一郎},
  title = 	 {廃棄物産業連関表 (1995 年全国表) の推計},
  year =	 2002,
  note =	 {早稲田大学現代政治経済研究所，Working Paper Series No. 0103},
  yomi = 	 {こんどう やすゆき}
}

@Book{krugman96jp:_int_eco_macro,
  author =	 {P. R. クルーグマン and M. オブズフェルド},
  title = 	 {国際経済学 II　国際マクロ経済学：理論と政策},
  publisher = 	 {新世社},
  year = 	 1996,
  edition =	 3,
  yomi =	 {くるーぐまん},
  jauthor =	 {石井 and 浦田 and 竹中 and 千田 and 松井}
}

@Book{krugman96jp:_int_eco_trade,
  author =	 {P. R. クルーグマン and M. オブズフェルド},
  title = 	 {国際経済学 I　国際貿易：理論と政策},
  publisher = 	 {新世社},
  year = 	 1996,
  edition =	 3,
  yomi =	 {くるーぐまん},
  jauthor =	 {石井 and 浦田 and 竹中 and 千田 and 松井}
}

@Book{krugman97jp:yoi-warui,
  author =	 {P. A. クルーグマン},
  title = 	 {クルーグマンの良い経済学・悪い経済学},
  publisher = 	 {日本経済新聞社},
  year = 	 1997,
  jauthor = 	 {山岡洋一},
  yomi =         {くるーぐまん}
}

@Book{kuroda97jp:keo,
  author =	 {黒田 昌裕 and 新保 一成 and 野村 浩二 and 小林 信行},
  title = 	 {KEOデータベース --産出および資本・労働投入の測定--},
  publisher = 	 {慶應義塾大学産業研究所},
  year = 	 1997,
  number =	 8,
  yomi = 	 {くろだ まさひろ},
  series =	 {Keio Economic Observatory Monograph Series}
}

@Book{landsburg95jp:lunch_time_eco,
  author =	 {S. E. ランズバーグ},
  title = 	 {ランチタイムの経済学},
  publisher = 	 {ダイヤモンド社},
  year = 	 1995,
  jauthor =      {吉田 利子},
  jkanyaku =     {佐和 隆光},
  yomi =         {らんずばーぐ}
}

@Book{landsburg98jp:fair_play_eco,
  author =	 {S. E. ランズバーグ},
  title = 	 {フェアプレイの経済学},
  publisher = 	 {ダイヤモンド社},
  year = 	 1998,
  jauthor =      {齋藤 秀正},
  yomi =         {らんずばーぐ}
}

@Book{makino00jp:tenitoru-keizai,
  author =	 {牧野 昇 (監修)},
  title = 	 {手にとるように経済用語がわかる本},
  publisher = 	 {かんき出版},
  yomi =         {まきの のぼる},
  year = 	 2000
}

@Book{markusen99jp:trade_vol_1,
  author =	 {J. R. マークセン and  W. H. ケンプファー and J. R. メルヴィン
		 and K. E. マスカス},
  title = 	 {国際貿易−理論と実証〈上〉},
  publisher = 	 {多賀出版},
  year = 	 1999,
  jauthor =      {松村 敦子},
  yomi =         {まーくせん}
}

@Book{markusen99jp:trade_vol_2,
  author =	 {J. R. マークセン and  W. H. ケンプファー and J. R. メルヴィン
		 and K. E. マスカス},
  title = 	 {国際貿易−理論と実証〈下〉},
  publisher = 	 {多賀出版},
  year = 	 2000,
  jauthor =      {松村 敦子},
  yomi =         {まーくせん}
}

@Book{meti96:_energ_produ,
  editor =	 {通商産業大臣官房調査統計部},
  title = 	 {平成 7 年 エネルギー生産・需給統計年報},
  publisher = 	 {通商産業調査会出版部},
  yomi =         {つうしょうさんぎょうだいじん},
  year = 	 1996
}

@Book{miyazawa02:_io_intr,
  editor =	 {宮沢 健一},
  title = 	 {産業連関分析入門〈新版〉},
  publisher = 	 {日本経済新聞社},
  year = 	 2002,
  edition =      {7},
  yomi =         {みやざわ けんいち}
}

@book{moriguchi00:_io_ener,
  editor = 	 {森口 祐一 and 南齋 規介},
  title = 	 {産業連関表によるエネルギー・二酸化炭素排出源単位 '95 (β版)},
  year = 	 2000,
  note =	 {国立環境研究所，京都大学大学院エネルギー科学研究科
                 \\\verb|http://aerosol.energy.kyoto-u.ac.jp/~lca/details/io95/index.html|},
  yomi =	 {もりぐち ゆういち}
}

@Book{morita02jp:chikyu-kankyo-global,
  editor =	 {森田 恒幸 and 天野 明弘},
  title = 	 {地球環境問題とグローバル・コミュニティ},
  publisher = 	 {岩波書店},
  year = 	 2002,
  yomi =         {もりた つねゆき},
  note =	 {岩波講座 環境経済・政策学 第 6 巻}
}

@Book{nagaoka96jp:china_russia,
  author =	 {長岡 貞男 and 馬 成三 and S. ブラギンスキー},
  title = 	 {中国とロシアの産業変革：市場経済移行と企業行動},
  publisher = 	 {日本評論社},
  year = 	 1996,
  yomi =         {ながおか}
}

@Book{naikakuhu03jp:nenpo,
  editor =	 {内閣府経済社会総合研究所},
  title = 	 {国民経済計算年報 平成 15 年版},
  publisher = 	 {財務省印刷局},
  yomi = 	 {ないかくふ},
  year = 	 2003
}

@Book{nakamura00:_excel_io,
  author =	 {中村 愼一郎},
  title = 	 {Excel で学ぶ産業連関分析},
  publisher = 	 {エコノミスト社},
  year = 	 2000,
  yomi = 	 {なかむら しんいちろう}
}

@Article{nakamura00:_waste_io,
  author =	 {中村 愼一郎},
  title = 	 {廃棄物処理と再資源化の産業連関分析},
  journal =      {廃棄物学会論文誌},
  volume =       11,
  number =       2,
  pages =	 {84-93},
  year = 	 2000,
  yomi = 	 {なかむら しんいちろう}
}

@book{nansai02:_io_ener,
  author = 	 {南齋 規介 and 森口 祐一 and 東野 達},
  title = 	 {産業連関表による環境負荷原単位データブック ({3EID}) ---
                  LCA のインベントリデータとして ---},
  year = 	 2002,
  publisher =    {国立環境研究所},
  note =	 {地球環境研究センター (CGER: Center for Global
                  Environmental Research)
                 \\ \verb|http://www-cger.nies.go.jp/|},
  yomi =	 {なんさい けいすけ}
}

@Book{natsume93:_iam_acat,
  author =	 {夏目 漱石},
  title = 	 {漱石全集},
  publisher = 	 {岩波書店},
  year = 	 1993,
  volume =       {1},
  note =         {我輩は猫である},
  yomi = 	 {なつめ そうせき}
}

@Book{nichigin00jp:kokusai-shushi,
  author =	 {日本銀行国際収支統計研究会},
  title = 	 {入門国際収支 統計の見方・使い方と実戦的活用法},
  publisher = 	 {東洋経済新報社},
  yomi =         {にほんぎんこう},
  year = 	 2000
}

@Book{nihon-energy01jp:energy-keiza-data,
  editor =	 {日本エネルギー経済研究所計量分析部},
  title = 	 {図解 エネルギー・経済データの読み方入門},
  publisher = 	 {財団法人 省エネルギーセンター},
  yomi =         {にほんえねるぎーけいざいけんきゅうじょ},
  year = 	 2001
}

@Book{nikkei03jp:keizai-singo-jiten,
  editor =	 {日本経済新聞社},
  title = 	 {経済新語辞典 2003 年版},
  publisher = 	 {日本経済新聞社},
  yomi =         {にほんけいざいしんぶんしゃ},
  year = 	 2002
}

@Book{nishimura90:_micr_econ,
  author =	 {西村 和雄},
  title = 	 {ミクロ経済学},
  publisher = 	 {東洋経済新報社},
  year = 	 1990,
  yomi =         {にしむら かずお}
}

@Book{oda97jp:mod_int_the,
  author =	 {小田 正雄},
  title = 	 {現代国際経済学},
  publisher = 	 {有斐閣},
  year = 	 1997,
  yomi =         {おだ まさお}
}

@Book{okuno88:_micr_i,
  author =	 {奥野 正寛 and 鈴村 興太郎},
  title = 	 {ミクロ経済学 I},
  publisher = 	 {岩波書店},
  year = 	 1985,
  note =	 {モダン・エコノミクス 1},
  yomi =	 {おくの まさひろ}
}

@Book{okuno88:_micr_ii,
  author =	 {奥野 正寛 and 鈴村 興太郎},
  title = 	 {ミクロ経済学 II},
  publisher = 	 {岩波書店},
  year = 	 1988,
  note =	 {モダン・エコノミクス 2},
  yomi =	 {おくの まさひろ}
}

@Book{okura96jp:nihon-no-zeisei,
  editor =	 {大蔵省主税局調査課長},
  title = 	 {図説 日本の税制 平成11年度版},
  publisher = 	 {財経詳報社},
  yomi =         {おおくらしょう},
  year = 	 1996
}

@Book{okurasho97jp:zaikin,
  author =	 {大蔵省},
  title = 	 {財政金融統計月報第540号},
  publisher = 	 {大蔵省},
  year = 	 1997,
  yomi =         {おおくらしょう}
}

@InCollection{otaki00:_bala,
  author = 	 {大瀧 雅之},
  title = 	 {「バランスシート調整」とモラルハザード},
  booktitle = 	 {マクロ経済政策の課題と争点},
  pages =	 {215-226},
  publisher =	 {東洋経済新報社},
  year =	 2000,
  editor =	 {吉川洋・通商産業研究所編集委員会},
  yomi =	 {おおたき まさゆき}
}

@InCollection{oyama99:_mark_stru,
  author = 	 {大山 道広},
  title = 	 {市場構造・経済厚生・国際貿易},
  editor = 	 {岡田 章 and 神谷 和也 and 柴田 弘文 and 伴 金美},
  booktitle = 	 {現代経済学の潮流 1999},
  pages =	 {3-34},
  publisher =	 {東洋経済新報社},
  chapter =	 1,
  year =	 1999,
  yomi = 	 {おおやま みちひろ}
}

@InCollection{oyamada03jp:_japan_asean_trade,
  author = 	 {小山田 和彦},
  title = 	 {日・ASEAN 貿易自由化の経済効果 --- 完全予見型多地域応用
                  一般均衡モデルによるダイナミック・シミュレーション ---},
  booktitle = 	 {日・ASEAN の経済連携と競争力},
  pages =	 {69-92},
  publisher =	 {日本貿易振興会アジア経済研究所},
  year =	 2003,
  note =	 {アジ研トピックリポート，No. 49},
  yomi =         {おやまだ かずひこ}
}

@Book{samuelson67:_econo_found,
  author =	 {P. A. サミュエルソン},
  title = 	 {経済分析の基礎},
  publisher = 	 {勁草書房},
  year = 	 1967,
  jauthor = 	 {佐藤 隆三},
  yomi = 	 {さみゅえるそん},
}

@Book{shigen97:_energ_balan,
  editor =	 {資源エネルギー庁長官官房企画調査課},
  title = 	 {総合エネルギー統計  平成 8 年度版},
  publisher = 	 {通商産業研究社},
  yomi =         {しげんえねるぎーちょう},
  year = 	 1997
}

@Book{snordon02jp:macro_eco,
  author =	 {B. スノードン and H. R. ヴェイン},
  title = 	 {マクロ経済学はどこまで進んだか：トップエコノミスト12人へのインタビュー},
  publisher = 	 {東洋経済新報社},
  jauthor =      {岡地 勝二},
  yomi =         {すのーどん},
  year = 	 2001
}

@Book{somucho99:_io_table,
  editor =	 {総務庁},
  title = 	 {平成 7 年 (1995 年) 産業連関表 --- 総合解説編},
  publisher = 	 {総務庁},
  year = 	 1999,
  yomi = 	 {そうむちょう}
}

@Book{soumucho99jp:renkanhyo,
  editor =	 {総務庁},
  title = 	 {平成 7 年 (1995 年) 産業連関表},
  publisher = 	 {全国統計協会連合会},
  yomi = 	 {そうむちょう},
  year = 	 1999
}

@Book{stiglitz01jp:macro_2,
  author =	 {J. E. スティグリッツ},
  title = 	 {スティグリッツ・マクロ経済学　第2版},
  publisher = 	 {東洋経済新報社},
  year = 	 2001,
  jauthor =      {薮下史郎他},
  yomi =         {すてぃぐりっつ}
}

@Book{stiglitz01jp:micro_2,
  author =	 {J. E. スティグリッツ},
  title = 	 {スティグリッツ・ミクロ経済学　第2版},
  publisher = 	 {東洋経済新報社},
  year = 	 2001,
  jauthor =      {薮下史郎他},
  yomi =         {すてぃぐりっつ}
}

@Book{stiglitz97:_econom,
  author =	 {Joseph E. Stiglitz},
  title = 	 {Economics},
  publisher = 	 {W.W. Norton \& Company, Inc.},
  year = 	 1997,
  address =	 {New York, NY},
  edition =	 2,
  jauthor =      {薮下 史郎他},
  jtitle =       {スティグリッツ・経済学},
  jpublisher =   {東洋経済新報社},
  jyear =        2001
}

@InCollection{tajika00:_japan_incom_tax,
  author = 	 {田近 栄治 and 古谷 泉生},
  editor = 	 {大蔵省財政金融研究所},
  title = 	 {日本の所得税 -- 現状と理論 --},
  booktitle = 	 {フィナンシャル・レビュー},
  year = 	 2000,
  volume =	 53,
  pages =	 {129-161},
  month =	 apr,
  yomi =	 {たぢか えいじ}
}

@Unpublished{takeda04jp:_double_dividend,
  author = 	 {武田 史郎},
  title = 	 {二酸化炭素の排出規制における二重の配当の可能性：動学的応用一般均
衡分析による評価},
  note = 	 {Working paper.\\ \verb|http://park.zero.ad.jp/~zbc08106/research/double_dividend/|},
  month =	 {6},
  year =	 2004,
  yomi =         {たけだ しろう}
}

@Unpublished{tsutsumi02jp:japan_fta,
  author = 	 {堤 雅彦 and 清田 耕造},
  title = 	 {日本を巡る自由貿易協定の効果：CGE モデルによる分析},
  note = 	 {JCER Discussion Paper No.74},
  year =         2002,
  month =        2,
  yomi =	 {つつみ まさひこ and きよた こうぞう}
}

@Book{turner01jp:kankyo-keizai,
  author =	 {R. K. ターナー and D. ピアス and I. ベイトマン},
  title = 	 {環境経済学入門},
  publisher = 	 {東洋経済新報社},
  jauthor = 	 {大沼あゆみ},
  yomi =         {たーなー},
  year = 	 2001
}

@Book{ueda96jp:kankyo-keizai,
  author =	 {植田 和弘},
  title = 	 {環境経済学},
  publisher = 	 {岩波書店},
  yomi =         {うえだ かずひろ},
  year = 	 1996
}

@InCollection{uemura01jp:sangyo-betu-toshi,
  author =	 {上村 敏之},
  booktitle = 	 {財政負担の経済分析 --- 税制改革と年金政策の評価 ---},
  publisher = 	 {関西学院大学出版},
  year = 	 2001,
  title = 	 {産業別の投資行動と法人所得税 --- 1999年法人所得税改革の分析 ---},
  pages = 	 {85-117},
  chapter = 	 5,
  yomi =         {うえむら としゆき}
}

@Book{uemura01jp:zaisei-no-keizai,
  author =	 {上村 敏之},
  title = 	 {財政負担の経済分析 --- 税制改革と年金政策の評価 ---},
  publisher = 	 {関西学院大学出版},
  year = 	 2001,
  yomi =         {うえむら としゆき}
}

@Book{urata02:_fta_guide_book,
  editor =	 {浦田 秀次郎},
  title = 	 {FTA ガイドブック},
  publisher = 	 {ジェトロ},
  year = 	 2002,
  yomi =         {うらた しゅうじろう}
}

@Book{urata02:_japan_fta,
  editor =	 {浦田 秀次郎 and 日本経済研究センター {}},
  title = 	 {日本の FTA 戦略},
  publisher = 	 {日本経済新聞社},
  year = 	 2002,
  yomi =         {うらた しゅうじろう}
}

@InCollection{urata02:_japan_fta_new_age,
  author = 	 {浦田 秀次郎},
  title = 	 {日本・シンガポール新時代経済連携協定},
  booktitle = 	 {日本の FTA 戦略},
  editor =	 {浦田 秀次郎 and 日本経済研究センター},
  publisher = 	 {日本経済新聞社},
  year = 	 2002,
  pages =	 {75-94},
  chapter =	 4,
  yomi =         {うらた しゅうじろう}
}

@Book{wong99jp:trade_vol_1,
  author =	 {K. Y. ウォン},
  title = 	 {現代国際貿易論〈1〉財貿易と要素移動の統合理論},
  publisher = 	 {多賀出版},
  year = 	 1999,
  jauthor =      {下村 耕嗣 and 大川 昌幸
                  and 太田 博史 and 小田 正雄},
  yomi =         {をぉん}
}

@Book{yamaguchi00jp:chikyu-kankyo,
  author =	 {山口 光垣},
  title = 	 {地球環境問題と企業},
  publisher = 	 {岩波書店},
  yomi =         {やまぐち みつたか},
  year = 	 2000
}

@Article{kawase03jp:double_dividend,
  author =       {川瀬 晃弘 and 北浦 義朗 and 橋本 恭之},
  title =        {環境税と二重の配当 -- 応用一般均衡モデルによるシミュレーション分析 --}, 
  journal =      {公共選択の研究},
  year =         2003,
  volume =    41,
  yomi =         {かわせ あきひろ},
  pages =     {5-23}
}

@Article{park02jp::double_dividend_cge,
  author =       {朴 勝俊},
  title =        {環境税制改革の応用一般均衡 (CGE) 分析},
  journal =      {国民経済雑誌},
  year =         2002,
  volume =    186,
  number =    2,
  yomi =         {ぱく かつとし},
  pages =     {1-16}
}

@Article{park04jp::double_dividend_cge,
  author =       {Seung-Joon Park},
  title =        {The Double Dividend of an Environmental Tax Reform in
                  Japan -- A CGE Analysis based on the 1995 Input--Output Table},
  journal =      {京都産業大学論集 社会科学系列},
  year =         2004,
  volume =    21,
  pages =     {137-159}
}

@Article{bessho03jp:mcpf,
  author =       {別所 俊一郎 and 赤井 伸郎 and 林 正義},
  title =        {公的資金の限界費用},
  journal =      {日本経済研究},
  year =         2003,
  volume =    47,
  yomi =         {べっしょ しゅんいちろう},
  pages =     {1-19}
}

@Unpublished{hayashi04jp:mcpf,
  author =       {林 正義 and 別所 俊一郎},
  title =        {累進所得税と厚生変化: 公的資金の社会的限界費用の試算},
  year =         2004,
  yomi =         {はやし まさよし},
  note =    {ESRI Discussion Paper No. 113}
}

@Article{yashiro97jp:eco_of_koreika,
  author = 	 {八代 尚宏 and 小塩 隆士 and 井伊 雅子 and 松谷 萬太郎 and 寺崎 泰弘 and 山岸 祐一 and 宮本 正幸 and 五十嵐 義明},
  title = 	 {高齢化の経済分析},
  journal = 	 {経済分析},
  year = 	 1997,
  volume =	 151,
  note =         {経済企画庁経済研究所},
  month =	 sep,
  yomi =         {やしろ なおひろ}
}

@Book{nipssr02jp:population_forecast,
  author =	 {国立社会保障・人口問題研究所},
  title = 	 {日本の将来推計人口 (平成 14 年 1 月推計)},
  year = 	 2002,
  yomi =         {こくりつしゃかいほしょう}
}

