%%% ====================================================================
%%%  BibTeX-file{
%%%     Ç±Ç±ÇÕíPÇ»ÇÈÉRÉÅÉìÉgïîï™
%%%     Time-stamp:	<2005-10-22 14:47:18 Shiro Takeda>
%%%     First-created:	<2005-10-21 11:34:57 Shiro Takeda>
%%%     author          = "Shiro Takeda",
%%%     $Id: econ_sample.bib,v 1.2 2005/10/22 05:46:39 st Exp $
%%%  }
%%% ====================================================================

%%% ó™èÃÇÃíËã`:
@string{AER = "American Economic Review"}
@string{JIE = "Journal of International Economics"}
@string{JEP = "Journal of Economic Perspectives"}
@string{JDE = "Journal of Development Economics"}
@string{pu-MIT = "MIT Press"}
@string{pu-OXF = "Oxford University Press"}
@string{ad-MIT = "Cambridge, MA"}
@string{ad-OXF = "New York"}
@string{JPE = "Journal of Political Economy"}
@string{dec = "December"}

%%% ï∂å£ÇÃìoò^
@Article{krugman79:_increas_retur_monop_compet_inter_trade,
  author =	{Krugman, Paul R.},
  title =	{Increasing Returns, Monopolistic Competition, and
  	International Trade},
  journal =	JIE,
  year =	1979,
  volume =	9,
  number =	{},
  pages =	{469-479}
}

@InCollection{krugman84:_impor_protec_expor_promot,
  author = 	 {Paul R. Krugman},
  title = 	 {Import Protection as Export Promotion: International
                  Competition in the Presence of Oligopoly and
                  Economies of Scale},
  booktitle = 	 {Monopolistic Competition and International Trade},
  publisher =	 pu-OXF,
  year =	 1984,
  editor =	 {H. Kierzkowski},
  address =	 ad-OXF
}

@Article{krugman80:_scale_econom_produc_differ_patter_trade,
  author = 	 {Paul R. Krugman},
  title = 	 {Scale Economies, Product Differentiation and the
                  Pattern of Trade}, 
  journal =	 AER ,
   month =       dec,
  year =	 1980,
  volume =	 70,
  pages =	 {950-959}
}

@InCollection{krugman91:_move_free_trade_zones,
  author = 	 {Paul R. Krugman},
  title = 	 {The Move toward Free Trade Zones},
  booktitle = 	 {Policy Implications of Trade and Currency Zones: A
                  Symposium Sponcored by the Federal Reserved Bank of
                  Kansas City},
  pages =	 {7-41},
  publisher =	 {Federal Reserve Bank of Kansas},
  year =	 1991,
  address =	 {Jackson Hole, WY}
}

@Article{krugman93:_narrow_broad_argum_free_trade,
  author = 	 {Paul R. Krugman},
  title = 	 {The Narrow and Broad Arguments for Free Trade},
  journal = 	 AER,
  year = 	 1993,
  volume =	 83,
  number =	 2,
  pages =	 {362-366}
}

@Article{krugman00:_techon_trade_factor_prices,
  author = 	 {Paul R. Krugman},
  title = 	 {Techonology, Trade and Factor Prices},
  journal = 	 JIE,
  year = 	 2000,
  volume =	 50,
  pages =	 {51-71}
}

@Unpublished{baldwin00:_agglom_integ_tax_hormon,
  author = 	 {Richard E. Baldwin and Paul R. Krugman},
  title = 	 {Agglomeration, Integration and Tax Hormonization},
  note = 	 {Mimeo},
  year =	 2000
}

@Article{brander83:_model_inter_trade,
  author = 	 {James A. Brander and Paul R. Krugman},
  title = 	 {A 'Reciprocal Dumping' Model of International Trade},
  journal =	 JIE,
  year =	 1983,
  volume =	 15,
  pages =	 {313-323}
}

@InCollection{baldwin88:_market_acces_inter_compet,
  author = 	 {Richard E. Baldwin and Paul R. Krugman},
  title = 	 {Market Access and International Competition: A
                  Simulation Study of {16K} Random Access Memories},
  booktitle = 	 {Empirical Methods for International Trade},
  publisher =	 pu-MIT,
  year =	 1988,
  editor =	 {Robert C. Feenstra},
  address =	 ad-MIT
}

@Article{krugman87:_is_free_trade_passe,
  author = 	 {Paul R. Krugman},
  title = 	 {Is Free Trade Pass{\'{e}}?},
  journal =	 JEP,
  year =	 1987,
  volume =	 1,
  number =	 2,
  pages =	 {131-144}
}

@Book{helpman85:_market_struc_foreig_trade,
  author =	{Helpman,Elhanan and Paul R. Krugman},
  title =	{Market Structure and Foreign Trade},
  publisher =	pu-MIT,
  year =	1985,
  address =	ad-MIT
}

@InCollection{krugman91:_is_bilat_bad,
  author = 	 {Paul R. Krugman},
  title = 	 {Is Bilateralism Bad?},
  booktitle = 	 {International Trade and Trade Policy},
  pages =	 {9-23},
  publisher =	 pu-MIT,
  year =	 1991,
  editor =	 {Elhanan Helpman and Assaf Razin},
  address =	 ad-MIT
}

@Book{krugman00:_inter_econom,
  author =	 {Paul R. Krugman and Maurice Obstfeld},
  title = 	 {International Economics: Theory and Policy},
  publisher = 	 {Addison-Wesley},
  address =      {?},
  year = 	 2000,
  edition =	 {5th}
}

@Book{fujita99:_spacial_econom,
  author =	 {Masahisa Fujita and Paul R. Krugman and Anthony J. Venables},
  title = 	 {The Spacial Economy},
  publisher = 	 pu-MIT,
  year = 	 1999,
  address =	 ad-MIT
}

@Book{helpman89:_trade_polic_market_struc,
 author =	{Helpman, Elhanan and Paul R. Krugman},
 title =	{Trade Policy and Market Structure},
 publisher =	pu-MIT,
 year = 1989,
 address =	ad-MIT
}

@Book{krugman96:_pop_inter,
  author =	 {Paul R. Krugman},
  title = 	 {Pop Internationalism},
  publisher = 	 pu-MIT,
  year = 	 1996,
  address =	 ad-MIT
}

@Article{krugman81:_intrain_special_gains_trade,
  author = 	 {Paul R. Krugman},
  title = 	 {Intraindustry Specialization and the Gains from Trade},
  journal = 	 JPE,
  year = 	 1981,
  volume =	 89,
  number =	 5,
  pages =	 {959-973}
}

@Article{krugman87:_narrow_movin_band_dutch_diseas,
  author = 	 {Paul R. Krugman},
  title = 	 {The Narrow Moving Band, the Dutch Disease, and the
                  Competitive Consequences of Mrs. Thatcher: Notes on
                  Trade in the  Presence of Dynamic Economics}, 
  journal =	 JDE,
  year =	 1987,
  volume =	 27,
  pages =	 {41-55}
}

@Book{krugman99:_inter_econom,
  author =	 {Paul R. Krugman and Maurice Obstfeld},
  title = 	 {International Economics: Theory and Policy},
  publisher = 	 {Harper and Collins, College Publishers},
  year = 	 {199?},
  address =	 {New York}
}

@Article{brezis93:_leapf_inter_compet,
  author = 	 {Elise S. Brezis and Paul R. Krugman and Daniel
                  Tsiddon}, 
  title = 	 {Leapfrogging in International Competition: A Theory
                  of Cycles in National Technological Leadership}, 
  journal = 	 AER,
  year = 	 1993,
  volume =	 83,
  number =	 5,
  pages =	 {1211-1219},
  month =	 dec
}

@Book{krugman91:_geogr_trade,
  author = 	 {Paul R. Krugman},
  title = 	 {Geography and Trade},
  publisher = 	 pu-MIT,
  year = 	 1991,
  address =	 ad-MIT
}

